@techreport{SpecJS,
  author = {},
  title ={ECMAScript 2015 Language Specification},
  number = {38},
  month = {apr},
  year = {2015},
  type = {final draft},
  institution = {Ecma International}
}
@Miscellaneous{PeytonJones,
	author = {SL Peyton Jones and RJM Hughes and L Augustsson and D Barton and B Boutel and W Burton and J Fasel and K Hammond and R Hinze and P Hudak and T Johnsson and MP Jones and J Launchbury and E Meijer and J Peterson and A Reid and C Runciman and PL Wadler},
	month = {February},
	title = {Report on the Programming Language Haskell 98},
	url = {http://research.microsoft.com/apps/pubs/default.aspx?id=67041},
	year = {1999},
}
